@book{MedunaAlexander2008Eocd,
publisher = {Auerbach Publications},
isbn = {1-4200-6323-5},
year = {2008},
pages = {286},
title = {Elements of compiler design},
address = {Boca Raton},
author = {Meduna, Alexander},
}

